@article{restrictions,
    author = {Abdi, A. and Cornu√©jols, G. and Lee, D.},
    title = {Intersecting restrictions in clutters},
    journal = {Combinatorica},
    year = {to appear}
}

@article{deltas,
    author = {Abdi, A. and Lee, D.},
    title = {Deltas, extended odd holes and their blockers},
    journal = {Journal of Combinatorial Theory},
    series = {Series B 136},
    year = {2019},
    pages = {193-206}
}
